@misc{github,
  author        = "GitHub",
  title         = "GitHub Repository on GitHub",
  howpublished  = "Website",
  url           = "https://github.com/github",
  lastaccessed  = "February 26, 2021",
}

@misc{gitlab,
  author        = "GitLab.org",
  title         = "GitLab repository on GitLab",
  howpublished  = "Website",
  url           = "https://gitlab.com/gitlab-org/gitlab",
  lastaccessed  = "February 26, 2021",
}

@misc{oauth,
  author        = "GitHub Docs",
  title         = "GitHub ocs on Authorizing OAuth Apps",
  howpublished  = "Website",
  url           = "https://docs.github.com/en/developers/apps/authorizing-oauth-apps",
  lastaccessed  = "February 26, 2021",
}

@misc{rest,
  author        = "GitHub Docs",
  title         = "GitHub Docs on GitHub REST API",
  howpublished  = "Website",
  url           = "https://docs.github.com/en/rest",
  lastaccessed  = "February 26, 2021",
}

@misc{extensionDocs,
  author        = "Google",
  title         = "Docs on Extensions",
  howpublished  = "Website",
  url           = "https://developer.chrome.com/docs/extensions/",
  lastaccessed  = "February 26, 2021",
}

@misc{sokolTestnet,
  author        = "Andrew Gross, et. al.",
  title         = "Sokol POA Testnet",
  howpublished  = "Website",
  url           = "https://www.poa.network/for-developers/getting-tokens-for-tests/sokol-testnet-faucet",
  lastaccessed  = "February 26, 2021",
}

@misc{web3,
  author        = "Web3.js Community",
  title         = "Web3.js Docs - Ethereum JavaScript API",
  howpublished  = "Website",
  url           = "https://web3js.readthedocs.io/en/v1.3.4/",
  lastaccessed  = "February 26, 2021",
}

@misc{medium1,
  author        = "Sebastian Gajek",
  year          = "2018",
  title         = "Graded Token-Curated Decisions with Up-/Downvoting — Designing Cryptoeconomic Ranking and Reputation Systems",
  howpublished  = "Online Article",
  day           = "30",
  url           = "https://medium.com/coinmonks/graded-token-curated-decisions-with-up-downvoting-designing-cryptoeconomic-ranking-and-2ce7c000bb51",
  month         = apr,
  lastaccessed  = "February 26, 2021",
}

@misc{medium2,
  author        = "Sebastian Gajek",
  year          = "2019",
  title         = "2019 is the year of DAOs – Now we urgently need robust Consensus protocols for the People",
  howpublished  = "Online Article",
  day           = "12",
  url           = "https://medium.com/hackernoon/2019-is-the-year-of-daos-9728618873f5",
  month         = apr,
  lastaccessed  = "February 26, 2021",
}